@techreport{RN1,
	title={Cameroun - Rapport National sur le Climat et le Développement },
	author={{\bibcorporate{Banque Mondiale}}},
	institution = {Banque Mondiale},
	year = {2022},
	url = {http://documents1.worldbank.org/curated/en/099950011012223832/pdf/P1772970eaa99a0520b3270b25f324ed0d0.pdf},
	number={n° 177496}
}

@article{RN2,
	author = {Tambi, Mbu Daniel and Anyah, Forchid Julius},
	title = {Constraints and Challenges in Livestock Production in Cameroon},
	year = {2019},
	journal = {South Asian Research Journal of Business and Management},
	volume = {1},
	number = {1},
	url = {https://sarpublication.com/media/articles/SARJBM_11_10-17.pdf}
}

@article{RN3,
   author = {Adedipe, O.D. and Uwalaka, E.C. and Akinseye, V.O. and Adediran, O.A. and Cadmus, S.I.B.},
   title = {Gastrointestinal Helminths in Slaughtered Cattle in Ibadan, South-Western Nigeria},
   journal = {Journal of Veterinary Medicine},
   pages = {6},
   DOI = {http://dx.doi.org/10.1155/2014/923561},
   year = {2014}
}

@article{RN4,
   author = {Charlier, J. and Waele, V.D. and Ducheyne, E. and Voort, M.v.d. and Velde, F.V. and Claerebout, E.},
   title = {Decision making on helminths in cattle: diagnostics, economics and human behaviour},
   journal = {Irish Veterinary Journal},
   volume = {69},
   number = {14},
   DOI = {DOI 10.1186/s13620-016-0073-6},
   year = {2016}
}

@phdthesis{RN5,
   author = {Shultz, John Bennett},
   title = {Gastrointestinal helminth parasitisms of dairy cattle in south dakota},
   school = {South Dakota State University},
   url = {https://openprairie.sdstate.edu/etd/4784},
   year = {1982},
   type = {Doctoral Thesis}
}

@article{RN6,
   author = {Gorsich, E.E. and Ezenwa, V.O. and Jolles, A.E.},
   title = {Nematode–coccidia parasite co-infections in African buffalo: Epidemiology and associations with host condition and pregnancy},
   journal = {International Journal for Parasitology: Parasites and Wildlife},
   volume = {3},
   number = {2014},
   pages = {124-134},
   DOI = {http://dx.doi.org/10.1016/j.ijppaw.2014.05.003},
   year = {2014}
}

@article{RN7,
   author = {Ezenwa, V.O. and Budischak, S.A. and Buss, P. and Seguel, M. and Luikart, G. and Jolles, A.E. and Sakamoto, K.},
   title = {Natural resistance to worms exacerbates bovine tuberculosis severity independently of worm coinfection},
   journal = {PNAS},
   volume = {118},
   number = {3},
   DOI = {10.1073/pnas.2015080118/-/DCSupplemental},
   year = {2021}
}

@article{RN8,
   author = {Kelly, R.F. and Callaby, R. and Egbe, N.F. and Williams, D.J.L. and Ngu, V.N. and Tanya, V.N. and Sander, M. and Ndip, L. and Ngandolo, R. and Morgan, K.L. and Handel, I.G. and Mazeri, S. and Muwonge, A. and Bronsvoort, B.M. de C.},
   title = {Association of \textit{Fasciola gigantica} Co-infection With Bovine Tuberculosis Infection and Diagnosis in a Naturally Infected Cattle Population in Africa},
   journal = {Frontiers in Veterinary Science},
   volume = {5},
   number = {214},
   DOI = {10.3389/fvets.2018.00214},
   year = {2018}
}

@article{RN9,
   author = {Lucena, Amalia Naranjo and Cuartero, Laura Garza and Mulcahy, Grace and Zintl, Annetta},
   title = {The immunoregulatory effects of co-infection with \textit{Fasciola hepatica}: From bovine tuberculosis to Johne's disease},
   journal = {The Veterinary Journal},
   DOI = {http://dx.doi.org/doi:10.1016/j.tvjl.2017.02.007},
   year = {2017}
}

@article{RN10,
   author = {Byrne, A.W. and Graham, J. and McConville, J. and Milne, G. and Guelbenzu‐Gonzalo, M. and McDowell, S.},
   title = {Liver fluke (\textit{Fasciola hepatica}) co‐infection with bovine tuberculosis in cattle: A prospective herd‐level assessment of herd bTB risk in dairy enterprises},
   journal = {Transboundary and Emerging Diseases},
   volume = {2019},
   number = {66},
   pages = {1727-1736},
   DOI = {10.1111/tbed.13209},
   year = {2019}
}

@article{RN11,
   author = {Lello, J. and McClure, S.J. and Tyrrell, K. and Viney, M.E.},
   title = {Predicting the effects of parasite co-infection across species boundaries},
   journal = {Proceedings Royal Society B},
   volume = {285},
   DOI = {http://dx.doi.org/10.1098/rspb.2017.2610},
   year = {2018},
   type = {Journal Article}
}

@article{RN12,
   author = {Corrêa, F. and Hidalgo, C. and Stoore, C. and Jimenez, M. and Hernandez, M. and Paredes, R.},
   title = {Cattle co-infection of Echinococcus granulosus and \textit{Fasciola hepatica} results in a different systemic cytokine profile than single parasite infection},
   journal = {PLOS ONE},
   volume = {15},
   number = {9},
   DOI = {https://doi.org/10.1371/journal.pone.0238909},
   year = {2020}
}

@article{RN13,
   author = {Hidalgo, Christian and Stoore, Caroll and Hernández, Marcela and Paredes, Rodolfo},
   title = {\textit{Fasciola hepatica} coinfection modifies the morphological and immunological features of Echinococcus granulosus cysts in cattle},
   journal = {Veterinary Research},
   volume = {51},
   number = {76},
   DOI = {https://doi.org/10.1186/s13567-020-00799-5},
   year = {2020}
}

@article{RN14,
   author = {Thumbi, S.M. and Bronsvoort, B.M.d.C. and Poole, E.J. and Kiara, H. and Toye, P.G. and Mbole-Kariuki, M.N. and Conradie, I. and Jennings, A. and Handel, I.G. and Coetzer, J.A.W. and Steyl, J.C.A. and Hanotte, O. and Woolhouse, M.E.J.},
   title = {Parasite Co-Infections and Their Impact on Survival of Indigenous Cattle},
   journal = {PLoS ONE},
   volume = {9},
   number = {2},
   DOI = {10.1371/journal.pone.0076324},
   year = {2014}
}

@article{RN15,
   author = {McArdle, Andrew J. and Turkova, Anna and Cunnington, Aubrey J.},
   title = {When do co-infections matter?},
   journal = {Current Opinion Infectious Diseases},
   volume = {2018},
   number = {31},
   pages = {209-215},
   DOI = {10.1097/QCO.0000000000000447},
   year = {2018}
}

@book{RN16,
   author = {Roberts, Larry S. and Janovy, John Jr.},
   title = {Gerald D. schmidt and Larry S. Roberts’ Foundations of parasitology},
   publisher = {McGraw Hill Higher Education},
   address = {New York - USA},
   edition = {Eighth},
   ISBN = {978–0–07–302827–9},
   year = {2009},
   type = {Book}
}

@book{RN17,
  author={Taylor, M.A. and Coop, R.L. and Wall, R.L.},
  publisher = {John Wiley and Sons, Ltd},
  isbn={9780470671627},
  title={Veterinary Parasitology},
  url={https://books.google.cm/books?id=mi2kBgAAQBAJ},
  year = {2015}
}

@book{RN18,
  title={Encyclopedia of Parasitology: A-M},
  author={Mehlhorn, Heinz.},
  edition = {Third},
  isbn={9783540489948},
  lccn={2007937942},
  series={Encyclopedia of Parasitology},
  doi = {https://doi.org/10.1007/978-3-540-48996-2},
  year={2008},
  publisher={Springer Berlin, Heidelberg}
}

@incollection{RN19,
title = {Chapter 14 - Biology and Diseases of Ruminants: Sheep, Goats, and Cattle},
editor = {James G. Fox and Lynn C. Anderson and Franklin M. Loew and Fred W. Quimby},
booktitle = {Laboratory Animal Medicine (Second Edition)},
publisher = {Academic Press},
edition = {Second Edition},
address = {Burlington},
pages = {519-614},
year = {2002},
series = {American College of Laboratory Animal Medicine},
isbn = {978-0-12-263951-7},
doi = {https://doi.org/10.1016/B978-012263951-7/50017-X},
url = {https://www.sciencedirect.com/science/article/pii/B978012263951750017X},
author = {Margaret L. Delano and Scott A. Mischler and Wendy J. Underwood}
}

@article{RN20,
title = {Pathophysiology of infection with gastrointestinal nematodes in domestic ruminants: recent developments},
author = {Fox, M.T.},
journal = {Veterinary Parasitology},
year = {1997},
volume = {72},
number = {1997},
pages = {285-308}
}

@book{RN21,
   author = {Urquhart, G.M. and Armour, J. and Duncan, J.L. and Dunn, A.M. and Jennings, F.W.},
   title = {Veterinary Parasitology},
   publisher = {Blackwell Science Ltd.},
   edition = {Second},
   year = {1996}
}

@book{RN22,
   author = {Blowey, R.W. and Weaver, A.D.},
   title = {Guide Pratique de Médecine Bovine},
   publisher = {éditions MEDCOM},
   address = {Oxford, United Kingdom},
   edition = {Second},
   isbn = {0-7234-3205-8},
   year = {2003}
}

@article{RN23,
   author = {Kouam, M.K. and Fokom, G.T. and Luogbou, D.D.N. and Kantzoura, V.},
   title = {Gastro‑intestinal parasitism and control practices in dairy cattle in North‑west Cameroon (Central Africa)},
   journal = {Acta Parasitologica},
   volume = {66},
   number = {3},
   pages = {947-953},
   DOI = {https://doi.org/10.1007/s11686-021-00343-1},
   year = {2021},
   type = {Journal Article}
}

@article{RN24,
   author = {Mamoudou, A. and Fongho, S.P. and Ebene, J.N.},
   title = {Trypanosomes and helminths infections in Mayo Rey Division of Cameroon and impact of concurrent infections on cattle},
   journal = {Journal of Veterinary Medicine and Animal Health},
   volume = {7},
   number = {6},
   pages = {215-220},
   DOI = {10.5897/JVMAH2015.0373},
   year = {2015}
}

@article{RN25,
   author = {Simo, Alain Kouam and Tetda, Marie-Madeleine and Gharbi, Mohamed and Dorchies, Philippe},
   title = {Méthodes comparées de dépistage de \textit{Fasciola gigantica} chez les bovins dans un abattoir de l’Ouest Cameroun},
   journal = {Revue d'élevage et de médecine vétérinaire des pays tropicaux},
   volume = {73},
   number = {4},
   pages = {273-276},
   year = {2021}
}

@article{RN26,
   author = {Abass, C.G. and Mamoudou, A. and Pagou, K.H. and Abah, S. and Woi, M. and Mpoame, M.},
   title = {Hepatic and Rumenal Worms Infestations of Cattle in Vina Division (Adamawa – Cameroon)},
   journal = {International Journal of Forest, Animal and Fisheries Research},
   volume = {4},
   number = {1},
   DOI = {https://dx.doi.org/10.22161/ijfaf.4.1.2},
   year = {2020}
}

@article{RN27,
   author = {Ntonifor, H.N. and Ndaleh, W.N.},
   title = {Prevalence of liver fluke infections and other gastrointestinal tract parasites in slaughtered cattle in Douala, Cameroon},
   journal = {Bulletin of Animal Health and Production in Africa},
   volume = {60},
   number = {4},
   year = {2012},
   type = {Journal Article}
}

@article{RN28,
   author = {Takang, E.E. and LeBreton, M. and Ayuk, C.E. and MacLeod, E.T.},
   title = { A socio-economic study of \textit{Fasciola} infections in cattle and sheep at the Etoudi slaughterhouse, Yaoundé, Cameroon},
   journal = {Journal of Helminthology},
   pages = {1-5},
   DOI = {https://doi.org/10.1017/S0022149X19000890},
   year = {2019}
}

@article{RN29,
   author = {Crimella, C. and Barbieri, S. and Giuliani, M.G. and Zecchini, M.},
   title = {Body measurements and morphological indexes of a cattle population in the Adamawa region (Cameroon)},
   journal = {Italian Journal of Animal Science},
   volume = {2},
   pages = {243-253},
   DOI = {10.4081/ijas.2003.11676005},
   year = {2003}
}

@article{RN30,
   author = {Edmonson, A.J. and Lean, I.J. and Weaver, L.D. and Farver, T. and Webster, G.},
   title = {A body condition scoring chart for Holstein dairy cows},
   journal = {Journal of Dairy Science},
   volume = {72},
   pages = {68-78},
   year = {1989}
}

@misc{RN31,
  title = {Note d’état corporel des zébus soudaniens},
  author = {Vall, Eric and Bayala, Innocent},
  publisher= {CIRAD - CIRDES},
  year = {2004},
  address = {Unité de recherche sur la production animale (URPAN)},
  note = {Fiche n°12},
  url = {http://agritrop.cirad.fr/531084/1/document_531084.pdf}
}

@article{RN32,
   author = {Newcomer, Benjamin W. and Cebra, Chris and Chamorro, Manuel F. and Reppert, Emily and Cebra, Margaret and Edmondson, Misty A.},
   title = {Diseases of the Hematologic, Immunologic, and Lymphatic Systems (Multisystem Diseases)},
   journal = {Sheep, Goat, and Cervid Medicine},
   volume = {16},
   pages = {405-438},
   DOI = {10.1016/B978-0-323-62463-3.00025-6},
   year = {2021}
}

@article{RN33,
   author = {Etim, N.N. and Williams, M.E. and Akpabio, U. and Offiong, E.E.A.},
   title = {Haematological Parameters and Factors Affecting Their Values},
   journal = {Agricultural Science},
   volume = {2},
   number = {1},
   pages = {37-47},
   DOI = {10.12735/as.v2i1p37},
   year = {2014}
}

@article{RN34,
   author = {Merdana, I Made and Sulabda, I Nyoman and ha, Ni Made Wirani Ari Tiasnit and Fajar, I Wayan Nico and Gunawan and Sudira, I Wayan},
   title = {Erythrocyte, Hemoglobin and Hematocrit Profile of Bali Cattle during the Various Periods of Parturition},
   journal = {Journal of Animal Health and Production},
   volume = {8},
   number = {2},
   pages = {75-79},
   DOI = {http://dx.doi.org/10.17582/journal.jahp/2020/8.2.75.79},
   year = {2020}
}

@article{RN35,
   author = {Wyk, Ilana Conradie Van and Goddard, Amelia and Bronsvoort, B. Mark De C. and Coetzer, Jacobus A.W. and Handel, Ian G. and Hanotte, Olivier and Jennings, Amy and Lesosky, Maia and Kiara, Henry and Thumbi, Sam M. and Toye, Phil and Woolhouse, Mark W. and Penzhorn, Banie L.},
   title = {The impact of co-infections on the haematological profile of East African Short-horn Zebu calves},
   journal = {Parasitology},
   volume = {141},
   pages = {374-388},
   DOI = {10.1017/S0031182013001625},
   year = {2014}
}

@book{RN36,
  author = {Rosenfeld, Andrew J. and Dial, Sharon M.},
  publisher = {WILEY-BLACKWELL},
  isbn={978-0-8138-1008-9/2010},
  title={Clinical pathology for the Veterinary Team},
  year = {2010}
}

@article{RN37,
   author = {Dorny, P. and Stoliaroff, V. and Charlier, J. and Meas, S. and Sorn, S. and Chea, B. and Holl, D. and Aken, D.V. and Vercruysse, J.},
   title = {Infections with gastrointestinal nematodes, \textit{Fasciola} and \textit{Paramphistomum} in cattle in Cambodia and their association with morbidity parameters},
   journal = {Veterinary Parasitology},
   volume = {175},
   pages = {293-299},
   DOI = {10.1016/j.vetpar.2010.10.023},
   year = {2011}
}

@misc{RN38,
  	title = {Overview of Gastrointestinal Parasites of Ruminants},
  	author = {Fox, M.T.},
  	organisation = {Merck & Co., Inc., Rahway, NJ, USA},
  	year = {2022},
  	lastchecked = {20.01.2023},
  	url = {https://www.msdvetmanual.com/digestive-system/gastrointestinal-parasites-of-ruminants/overview-of-gastrointestinal-parasites-of-ruminants},
  	type = {Page Web}
}

@techreport{RN39,
	author = {Meyer, Christian},
	title = {Le colostrum chez les mammifères domestiques},
	year = {2009},
	institution = {Cirad, Campus de Baillarguet},
	address = {34 398 MONTPELLIER Cedex 5 France},
	url = {https://agritrop.cirad.fr/549731/1/document_549731.pdf}
}

@article{RN40,
	author = {Vlasova, Anastasia N. and Saif, Linda J.},
	title = {Bovine Immunology: Implications for Dairy Cattle},
	year = {2021},
	journal = {frontiers in immunology},
	volume = {12},
	number = {643206},
	DOI = {10.3389/fimmu.2021.643206}
}

@misc{RN41,
  	title = {Treating for Internal Parasites of Cattle},
  	author = {Morter, R.L. and Horstman, Larry},
  	organisation = {School of Veterinary Medicine, Purdue University, USA},
  	year = {2022},
  	lastchecked = {20.01.2023},
  	url = {https://www.extension.purdue.edu/extmedia/vy/vy-51.html},
  	type = {Page Web}
}

@article{RN42,
	author = {Stear, M.J. and Murray, M.},
	title = {Genetic resistance to parasitic disease: particularly of resistance in ruminants to gastrointestinal nematodes},
	year = {1994},
	journal = {Veterinary parasitology},
	volume = {54},
	number = {1-3},
	pages = {161-176},
	DOI = {10.1016/0304-4017(94)90089-2}
}

@article{RN43,
	author = {Nsangou, A.S and Mbah, D.A and Tawah, C.L. and Manchang ,T.K. and Bah, G.S. and Manjeli, Y. and Njehoya, C.A. and Mfopit, Y. and Nguetoum, C.},
	title = {Amélioration génétique bovine par voie de croisement et de sélection en Afrique Tropicale : Expériences du Cameroun},
	year = {2021},
	journal = {Journal of the Cameroon Academy of Sciences},
	volume = {17},
	number = {1},
	DOI = {https//dx.doi.org/10.4314/jcas.v17i1.2}
}

@book{RN44,
   author = {Begon, M. and Townsend, C.R. and Harper, J.L.},
   title = {ECOLOGY From Individuals to Ecosystems},
   publisher = {Blackwell Publishing},
   edition = {Fourth Edition},
   isbn = {978-1-4051-1117-1},
   year = {2006}
}

@article{RN45,
   author = {Morand, S. and Poulin, R.},
   title = {Density, body mass and parasite species richness of terrestrial mammals},
   journal = {Evolutionary Ecology},
   volume = {12},
   pages = {717-727},
   year = {1998}
}

@book{RN46,
	title={Faune sauvage, biodiversité et santé, quels défis ?},
	author={Morand, Serge and Moutou, François and Richomme, Céline},
	publisher={Editions Qu\ae e},
	edition={First Edition},
	ISBN={978-2-7592-2203-2},
	year={2014},
	type={Book}
}

@article{RN47,
   author = {Titcomb, Georgia C. and Pansu, Johan and Hutchinson, Matthew C. and Tombak, Kaia J. and Hansen, Christina B. and Baker, Christopher C. M. and Kartzinel, Tyler R. and Young, Hillary S. and Pringle, Robert M.},
   title = {Large-herbivore nemabiomes: patterns of parasite diversity and sharing},
   journal = {Proceedings Royal Society B},
   volume = {289},
   number = {20212702},
   DOI = {https://doi.org/10.1098/rspb.2021.2702},
   year = {2022}
}

@article{RN48,
   author = {Johnson, P.T.J. and Preston, D.L. and Hoverman, J.T. and LaFonte, B.E.},
   title = {Host and parasite diversity jointly control disease risk in complex communities},
   journal = {PNAS},
   volume = {110},
   number = {42},
   pages = {16916–16921},
   DOI = {www.pnas.org/cgi/doi/10.1073/pnas.1310557110},
   year = {2013}
}

@article{RN49,
   author = {Civitello, D.J. and Cohen, J. and Fatima, H. and Halstead, N.T. and Liriano, J. and McMahon, T.A. and Ortega, C.N. and Sauer, E. L. and Sehgal, T. and Young, S. and Rohr, J.R.},
   title = {Biodiversity inhibits parasites: Broad evidence for the dilution effect},
   journal = {PNAS},
   volume = {112},
   number = {28},
   DOI = {www.pnas.org/lookup/suppl/doi:10.1073/pnas.1506279112},
   year = {2015}
}

@article{RN50,
   author = {Garza-Cuartero, L. and Garcia-Campos, A. and A. Zintl, A. Chryssafidis and O’Sullivan, J. and Sekiya, M. and Mulcahy, G.},
   title = {The Worm Turns: Trematodes Steering the Course of Co-infections},
   journal = {Veterinary Pathology},
   volume = {51},
   number = {2},
   pages = {385-392},
   DOI = {10.1177/0300985813519655},
   year = {2014}
}

@article{RN51,
   author = {Diosdado, Alicia and Simón, Fernando and Serrat, Judit and González-Miguel, Javier},
   title = {Interaction of helminth parasites with the haemostatic system of their vertebrate hosts: a scoping review},
   journal = {Parasite},
   year = {2022},
   volume = {29},
   issue = {35},
   doi = {https://doi.org/10.1051/parasite/2022034}
}

@article{RN52,
   author = {Ezenwa, V.O. and Etienne, R.S. and Luikart, G. and Beja-Pereira, A. and Jolles, A.E.},
   title = {Hidden Consequences of Living in a Wormy World: Nematode-Induced Immune Suppression Facilitates Tuberculosis Invasion in African Buffalo},
   journal = {The American Naturalist},
   volume = {176},
   number = {5},
   pages = {613–624},
   DOI = {10.1086/656496},
   year = {2010}
}

@article{RN53,
   author = {Cooper, N. and Kamilar, J.M. and Nunn, C.L.},
   title = {Host Longevity and Parasite Species Richness in Mammals},
   journal = {PLoS ONE},
   volume = {7},
   number = {8},
   pages = {e42190},
   DOI = {10.1371/journal.pone.0042190},
   year = {2012}
}

@misc{RN54,
  author = {NOAA-USA},
  year = {2022},
  title = {Weather and Climate - The Global Historical Weather and Climate Data},
  publisher = {National Oceanic and Atmospheric Administration - NOAA},
  institution = {National Centers for Environmental Information - USA},
  lastchecked = {14.09.2022},
  url = {https://tcktcktck.org/cameroon/west-cameroon/bangangte},
  type = {Page Web}
}

@techreport{RN55,
	author = {Martin, D.},
	title = {Les sols de l'Ouest-Cameroun: Notice sur la feuille Bangangté},
	organisation = {Institut de Recherches Scientifiques du Cameroun - IRCAM},
	number = {P 102},
	year = {1959},
	url = {https://horizon.documentation.ird.fr/exl-doc/pleins_textes/divers14-05/12671.pdf}
}

@misc{RN56,
title = {PLAN COMMUNAL DE DEVELOPPEMENT DE BANGANGTE},
author = {{\bibcorporate{Commune de Bangangté}}},
year = {2015},
institution = {Commune de Bangangté},
lastchecked = {25/02/2023},
url = {http://www.foretcommunale-cameroun.org/download/reboisement-1400/commune/BANGANGTE/PCD_Bangangte_20_Novembre_2015.pdf}
}

@techreport{RN57,
  author = {DRPIA-OUEST},
  year = {2019},
  title = {Rapport des activites annuelles 2019 de la delegation regionale de l’elevage, des pêches et des industries animales de l’Ouest},
  institution = {Délégation Régionale des Pêches et des Industries Animales de la région de l'Ouest (DRPIA-OUEST) - Ministère de l'élevage, des pêches et des industries animales (MINEPIA)}
}

@book{RN58,
   author = {Thrusfield, Michael and Christley, Robert and Brown, Helen and Diggle, Peter J. and French, Nigel and Howe, Keith and Kelly, Louise and O'Connor, Annette and Sargeant, Jan and Wood, Hannah},
   title = {Veterinary Epidemiology},
   publisher = {Wiley Blackwell},
   edition = {Fourth},
   ISBN = {9781118280263},
   year = {2018},
   type = {Book}
}

@manual{RN59,
  title = {Manuel de gestion, maintenance et utilisation du matériel de la chaîne du froid pour le sang},
  author = {Mvere, David and Vinelli, Elizabeth and Bond, Kay},
  organisation = {Organisation Mondiale de la Santé - OMS},
  year = {2008},
  note = {ISBN: 978 92 4 254673 6},
  url = {https://apps.who.int/iris/bitstream/handle/10665/43500/9242546739_fre.pdf}
}

@misc{RN60,
   author = {Gibbons, L.M. and Jacobs, D.E. and Fox, M.T. and Hansen J.},
   title = {RVC/FAO Guide to Veterinary Diagnostic Parasitology},
   publisher = {Royal Veterinary College (RVC) - University of London},
   lastchecked = {24/08/2022},
   url = {https://www.rvc.ac.uk/review/Parasitology/Index/Index.htm},
   year = {2010},
   type = {Page Web}
}

@manual{RN61,
    title = {R: A Language and Environment for Statistical Computing},
    author = {{\bibcorporate{R Core Team}}},
    organization = {R Foundation for Statistical Computing},
    address = {Vienna, Austria},
    year = {2021},
    url = {https://www.R-project.org/}
  }
  
@manual{RN62,
    title = {DescTools: Tools for Descriptive Statistics},
    author = {Signorell Andri},
    year = {2022},
    note = {R package version 0.99.46},
    url = {https://cran.r-project.org/package=DescTools}
  }

@misc {RN63,
title = {Stratégie Nationale de Développement 2020-2030 - Pour la transformation structurelle et le développement inclusif},
author = {{\bibcorporate{MINEPAT}}},
organization = {Ministère de l’Économie, de la Planification et de l’Aménagement du Territoire du Cameroun},
url = {http://cdnss.minsante.cm/sites/default/files/Strat%C3%A9gie%20Nationale%20de%20D%C3%A9veloppement%20SND30_Fench.pdf},
year = {2020}
}

@article{RN64,
	author = {Poivey, J.P. and Landais, E. and Seitz, J.L. and Kouyate,  M.},
	title = {Détermination de l'âge des bovins par l'examen de la dentition. Méthodologie et principaux résultats acquis en milieu villageois dans le Nord de la Côte d'Ivoire},
	year = {1981},
	journal = {Revue d’élevage et de médecine vétérinaire des pays tropicaux},
	volume = {34},
	number = {1},
	DOI = {10.19182/remvt.8284}
}

@book{RN65,
  title={The Stockman's Handbook},
  author={Ensminger, M.E.},
  lccn={59000452},
  series={Animal agriculture series},
  url={https://books.google.cm/books?id=q61PAAAAMAAJ},
  year={1959},
  publisher={The Interstate},
  page = {539}
}

@article{RN66,
author = {Mark E. J. Woolhouse  and Samuel M. Thumbi  and Amy Jennings  and Margo Chase-Topping  and Rebecca Callaby  and Henry Kiara  and Marinda C. Oosthuizen  and Mary N. Mbole-Kariuki  and Ilana Conradie  and Ian G. Handel  and E. Jane Poole  and Evalyne Njiiri  and Nicola E. Collins  and Gemma Murray  and Miika Tapio  and Olga Tosas Auguet  and Willie Weir  and W. Ivan Morrison  and Loeske E. B. Kruuk  and B. Mark de C. Bronsvoort  and Olivier Hanotte  and Koos Coetzer  and Philip G. Toye },
title = {Co-infections determine patterns of mortality in a population exposed to parasite infection},
journal = {Science Advances},
volume = {1},
number = {2},
pages = {e1400026},
year = {2015},
doi = {10.1126/sciadv.1400026},
URL = {https://www.science.org/doi/abs/10.1126/sciadv.1400026},
eprint = {https://www.science.org/doi/pdf/10.1126/sciadv.1400026},
abstract = {Highly protective effect of co-infections on mortality due to East Coast fever and consequences for disease epidemiology and control. Many individual hosts are infected with multiple parasite species, and this may increase or decrease the pathogenicity of the infections. This phenomenon is termed heterologous reactivity and is potentially an important determinant of both patterns of morbidity and mortality and of the impact of disease control measures at the population level. Using infections with Theileria parva (a tick-borne protozoan, related to Plasmodium) in indigenous African cattle [where it causes East Coast fever (ECF)] as a model system, we obtain the first quantitative estimate of the effects of heterologous reactivity for any parasitic disease. In individual calves, concurrent co-infection with less pathogenic species of Theileria resulted in an 89\% reduction in mortality associated with T. parva infection. Across our study population, this corresponds to a net reduction in mortality due to ECF of greater than 40\%. Using a mathematical model, we demonstrate that this degree of heterologous protection provides a unifying explanation for apparently disparate epidemiological patterns: variable disease-induced mortality rates, age-mortality profiles, weak correlations between the incidence of infection and disease (known as endemic stability), and poor efficacy of interventions that reduce exposure to multiple parasite species. These findings can be generalized to many other infectious diseases, including human malaria, and illustrate how co-infections can play a key role in determining population-level patterns of morbidity and mortality due to parasite infections.}}

@book{RN67,
   author = {Hastie, T. and Tibshirani, R. and Friedman, J.},
   title = {The Elements of Statistical Learning},
   publisher = {Springer},
   address = {New York},
   edition = {Second},
   series = {Springer Series in Statistics},
   pages = {757},
   ISBN = {978-0-387-84857-0},
   DOI = {10.1007/b94608},
   year = {2009}
}
